\providecommand{\MaxMinAntSystem}{{$\cal MAX$--$\cal MIN$} {A}nt {S}ystem}
  \providecommand{\Rpackage}[1]{#1} \providecommand{\SoftwarePackage}[1]{#1}
  \providecommand{\proglang}[1]{#1}
\begin{thebibliography}{1}

\bibitem{BirYuaBal2010:emaoa}
M.~Birattari, Z.~Yuan, P.~Balaprakash, and T.~St{\"u}tzle.
\newblock {F}-race and iterated {F}-race: An overview.
\newblock In T.~Bartz-Beielstein, M.~Chiarandini, L.~Paquete, and M.~Preuss,
  editors, {\em Experimental Methods for the Analysis of Optimization
  Algorithms}, pages 311--336. Springer, Berlin, Germany, 2010.

\bibitem{LopDubStu2011irace}
M.~L{\'o}pez-Ib{\'a}{\~n}ez, J.~Dubois-Lacoste, T.~St{\"u}tzle, and
  M.~Birattari.
\newblock The {\Rpackage{irace}} package, iterated race for automatic algorithm
  configuration.
\newblock Technical Report TR/IRIDIA/2011-004, IRIDIA, Universit{\'e} Libre de
  Bruxelles, Belgium, 2011.

\bibitem{SchHoo2012quanti}
M.~Schneider and H.~H. Hoos.
\newblock Quantifying homogeneity of instance sets for algorithm configuration.
\newblock In Y.~Hamadi and M.~Schoenauer, editors, {\em Learning and
  Intelligent Optimization, 6th International Conference, LION 6}, volume 7219
  of {\em Lecture Notes in Computer Science}, pages 190--204. Springer,
  Heidelberg, Germany, 2012.

\end{thebibliography}
